2058 3713
871 169 1231 219 ..VI-

347 335 443 392 -In
481 331 961 394 Helicea'rum
1004 334 1246 394 familia
1291 357 1515 419 genera
1553 358 1585 395 a
1617 338 1882 398 celeber-

205 457 368 516 rimo
393 459 804 541 Drapamaud
830 458 1108 519 instituta
1124 458 1194 532 ᾖ)
1234 472 1293 519 et
1325 481 1360 520 a
1391 462 1881 529 clar..Lamarck

205 581 474 656 sancita,
522 583 917 658 conservavi,
971 604 1086 643 nec
1137 598 1384 663 aspectu
1435 597 1565 645 tam
1612 579 1884 646 diversas

206 719 389 766 testas
410 751 428 781 ,
474 726 622 767 cum
660 707 1049 783 Ferussacio',
1093 709 1497 769 Helicearum
1529 710 1886 789 ceteroquin

208 830 630 891 curiosissimo
675 844 733 891 et
777 852 921 893 sane
956 832 1336 908 doctissim0‚
1379 834 1483 893 sed
1521 836 1585 894 in
1622 834 1883 894 conden-

207 956 297 1014 dis
329 969 387 1015 et
428 955 824 1035 agnoscendis
861 957 1188 1041 generibus
1218 959 1337 1018 soli
1376 960 1746 1019 animalium
1779 979 1882 1018 na-

207 1094 379 1141 turae
413 1081 720 1141 insistenti
754 1095 1172 1162 testarumque
1203 1085 1488 1144 varietati
1527 1083 1683 1143 nihil
1714 1105 1884 1162 pror-

208 1228 308 1281 sus
346 1206 677 1282 tribuenti,
721 1207 1058 1282 coniunxi3
1110 1221 1179 1267 ut
1222 1209 1393 1268 enim
1433 1211 1597 1268 inter
1625 1208 1887 1269 Nai'ades

207 1352 389 1391 nemo
434 1331 617 1390 facile
665 1332 935 1392 Uniones
975 1352 1123 1391 cum
1153 1332 1517 1393 *Anodontis
1553 1332 1885 1412 coniunge-

209 1470 336 1529 ret,
395 1457 560 1515 nullo
614 1455 986 1515 animalium
1031 1457 1194 1516 inter
1246 1478 1374 1516 sese
1424 1456 1887 1518 convenientiae

209 1593 489 1658 respectu
539 1579 781 1655 habim,
825 1581 912 1639 ita
951 1593 1187 1660 quoque
1231 1581 1295 1639 in
1339 1581 1613 1641 Heliceis
1651 1582 1890 1639 anima-

209 1705 367 1763 lium
419 1704 845 1764 convenientia
899 1703 1222 1789 genericae
1268 1705 1667 1765 disiunctioni
1714 1702 1887 1762 dissi-

211 1828 464 1889 milium
525 1848 926 1908 summopere
994 1841 1291 1889 testarum
1363 1829 1602 1889 obstare
1660 1828 1884 1906 nequit.

211 1952 511 2018 Ceterum
548 1952 997 2035 ipsasgenuini
1036 1953 1281 2035 generis
1325 1954 1621 2014 Helicum
1658 1953 1889 2033 species

213 2080 286 2140 ad
320 2079 680 2139 methodum
715 2079 1221 2140 Ferussacianam
1255 2079 1542 2159 disposui.

380 2206 514 2287 Ego
545 2224 691 2263 vero
733 2206 863 2262 sola
898 2205 1150 2264 nomina
1200 2205 1261 2263 in
1309 2206 1427 2263 hoc
1467 2205 1743 2286 catalogo
1786 2224 1888 2262 ex-

212 2330 420 2403 hibeO,
469 2350 580 2388 nec
625 2327 744 2387 nisi
789 2329 1086 2388 brevem
1134 2329 1518 2388 coliectionis
1557 2348 1732 2388 meae
1779 2327 1889 2385 in-

215 2454 455 2515 dicem
501 2474 629 2513 esse
673 2453 878 2527 volui,
937 2453 1068 2513 sine
1107 2454 1528 2535 diagnosibus3
1580 2453 1688 2511 has
1720 2450 1889 2510 enim

216 2580 290 2640 ad
329 2579 720 2640 auctoritates
766 2578 987 2657 ubique
1018 2526 1202 2657 prosse
1245 2565 1475 2637 citatas
1504 2575 1754 2655 quilibet
1790 2598 1888 2654 pe-

167 2684 171 2687 ,
216 2706 371 2765 ritus
412 2703 688 2784 persequi
725 2703 963 2782 poterit.
1032 2706 1198 2781 Quae
1242 2703 1306 2766 in
1350 2703 1465 2762 hoc
1503 2700 1706 2761 indice
1749 2721 1889 2759 meo

218 2829 447 2890 iudicio
494 2827 888 2907 permiserim
933 2828 1305 2907 paucissima
1357 2840 1513 2889 sunt.
1604 2827 1673 2886 In
1710 2829 1889 2903 expo-

221 2954 414 3013 nendo
444 2953 654 3035 ordine
687 2953 1083 3033 systematico
1118 2952 1271 3012 nihil
1304 2952 1434 3011 fere
1463 2932 1704 3025 mutavi
1715 2996 1736 3025 ,
1773 2950 1893 3010 nisi

222 3079 377 3158 quod
410 3077 884 3156 inscriptionum
919 3077 1191 3156 partium
1227 3075 1786 3149 denominationeS,
1819 3077 1892 3134 ab

280 3255 319 3298 '')
366 3256 583 3298 Histoire
617 3255 858 3298 naturelle
891 3258 971 3297 des
1000 3255 1305 3311 Mollusques
1337 3262 1592 3297 terrestres
1635 3263 1682 3296 et
1724 3254 1893 3295 fluvia-

395 3327 514 3367 liter
556 3327 613 3368 de
657 3326 703 3367 la
737 3326 950 3375 France,
992 3340 1080 3381 par
1120 3325 1158 3368 J.
1193 3324 1266 3366 Ph.
1297 3325 1352 3364 R.
1385 3324 1699 3378 Draparnaud.
1763 3322 1892 3365 Avec

394 3396 512 3439 >4111
545 3395 791 3453 planches·
826 3396 1012 3440 &Pax-is,
1052 3395 1138 3437 An.
1170 3395 1290 3438 XIII
1322 3390 1486 3445 (1805).
1517 3397 1561 3438 ἡ.
